@book{abramowitz1965handbook,
  title={Handbook of mathematical functions: with formulas, graphs, and mathematical tables},
  author={Abramowitz, Milton and Stegun, Irene A},
  volume={55},
  year={1965},
  publisher={Courier Corporation}
}

@Article{fulling1978singularity,
  author    = {Fulling, Stephen A and Sweeny, Mark and Wald, Robert M},
  title     = {Singularity structure of the two-point function in quantum field theory in curved spacetime},
  journal   = {Communications in Mathematical Physics},
  year      = {1978},
  volume    = {63},
  number    = {3},
  pages     = {257--264},
  file      = {:qed/Allgemeinere_Literatur/Singularity_structure_of_the_two-point_f.pdf:PDF},
  publisher = {Springer},
}

@Article{ivp0,
  author    = {Deckert, D-A and D{\"u}rr, D and Merkl, F and Schottenloher, M},
  title     = {Time-evolution of the external field problem in quantum electrodynamics},
  journal   = {Journal of Mathematical Physics},
  year      = {2010},
  volume    = {51},
  number    = {12},
  pages     = {122301},
  file      = {:qed/Dirk&Franz/ivp0(time_evolution_ext_field).pdf:PDF},
  publisher = {AIP},
}

@Article{ivp1,
  author    = {Deckert, D-A and Merkl, Franz},
  title     = {Dirac equation with external potential and initial data on Cauchy surfaces(ivp1)},
  journal   = {Journal of Mathematical Physics},
  year      = {2014},
  volume    = {55},
  number    = {12},
  pages     = {122305},
  file      = {:qed/Dirk&Franz/ivp1.pdf:PDF},
  publisher = {AIP Publishing},
}

@Article{ivp2,
  author    = {Deckert, D-A and Merkl, F},
  title     = {External field QED on Cauchy surfaces for varying electromagnetic fields},
  journal   = {Communications in Mathematical Physics},
  year      = {2016},
  volume    = {345},
  number    = {3},
  pages     = {973--1017},
  file      = {:qed/Dirk&Franz/ivp2(External_Field_QED_on_Cauchysurfaces).pdf:PDF},
  publisher = {Springer},
}
