%% This BibTeX bibliography file was created using BibDesk.
%% http://bibdesk.sourceforge.net/

%% Created for Felix Hänle at 2016-09-19 15:11:38 +0200 


%% Saved with string encoding Unicode (UTF-8) 



@article{mickelsson2014phase,
  title={The phase of the scattering operator from the geometry of certain infinite-dimensional groups},
  author={Mickelsson, Jouko},
  journal={Letters in Mathematical Physics},
  volume={104},
  number={10},
  pages={1189--1199},
  year={2014},
  publisher={Springer}
}

@inproceedings{epstein1973role,
  title={The role of locality in perturbation theory},
  author={Epstein, Henri and Glaser, Vladimir},
  booktitle={Annales de l'IHP Physique th{\'e}orique},
  volume={19},
  number={3},
  pages={211--295},
  year={1973}
}

@book{scharf2014finite,
  title={Finite quantum electrodynamics: the causal approach},
  author={Scharf, Gunter},
  year={2014},
  publisher={Courier Corporation}
}
@misc{SimonReed2,
  title={Methods of modern mathematical physics, Vol. II},
  author={Reed, Michael and Simon, Barry},
  year={1975},
  publisher={Academic Press, New York}
}
@article{dirac1934theorie,
  title={Th{\'e}orie du positron},
  author={Dirac, PAM},
  journal={Solvay report},
  volume={25},
  pages={203--212},
  year={1934}
}
@article{alvarez2005introductory,
  title={Introductory lectures on quantum field theory},
  author={Alvarez-Gaume, Luis and Vazquez-Mozo, Miguel A},
  journal={arXiv preprint hep-th/0510040},
  year={2005}
}
@inproceedings{dirac1928quantum,
  title={The quantum theory of the electron},
  author={Dirac, Paul AM},
  booktitle={Proceedings of the Royal Society of London A: Mathematical, Physical and Engineering Sciences},
  volume={117},
  number={778},
  pages={610--624},
  year={1928},
  organization={The Royal Society}
}

@article{ivp2,
  title={External field QED on Cauchy surfaces for varying electromagnetic fields},
  author={Deckert, D-A and Merkl, F},
  journal={Communications in Mathematical Physics},
  volume={345},
  number={3},
  pages={973--1017},
  year={2016},
  publisher={Springer}
}


@article{ivp1,
  title={Dirac equation with external potential and initial data on Cauchy surfaces},
  author={Deckert, D-A and Merkl, Franz},
  journal={Journal of Mathematical Physics},
  volume={55},
  number={12},
  pages={122305},
  year={2014},
  publisher={AIP Publishing}
}

@article{ivp0,
  title={Time-evolution of the external field problem in quantum electrodynamics},
  author={Deckert, D-A and D{\"u}rr, D and Merkl, F and Schottenloher, M},
  journal={Journal of Mathematical Physics},
  volume={51},
  number={12},
  pages={122301},
  year={2010},
  publisher={AIP Publishing}
}


@Article{hoorfar2008inequalities,
  author  = {Hoorfar, Abdolhossein and Hassani, Mehdi},
  title   = {Inequalities on the Lambert W function and hyperpower function},
  journal = {J. Inequal. Pure and Appl. Math},
  year    = {2008},
  volume  = {9},
  number  = {2},
  pages   = {5--9},
  file    = {:qed/Allgemeinere_Literatur/LambertWBounds.pdf:PDF},
}



@incollection{deckert2016perspective,
  title={A Perspective on External Field QED},
  author={Deckert, Dirk-Andr{\'e} and Merkl, Franz},
  booktitle={Quantum Mathematical Physics},
  pages={381--399},
  year={2016},
  publisher={Springer}
}

@book{graham1994concrete,
  title={Concrete mathematics: a foundation for computer science},
  author={Graham, Ronald L and Knuth, Donald E and Patashnik, Oren},
  year={1994},
  publisher={Addison-Wesley, Reading}
}

@article{direct_interaction_quantum,
  title={Direct interaction along light cones at the quantum level},
  author={Lienert, Matthias},
  journal={Journal of Physics A: Mathematical and Theoretical},
  volume={51},
  number={43},
  pages={435302},
  year={2018},
  publisher={IOP Publishing}
}



@article{mtve,
  title={A new class of Volterra-type integral equations from relativistic quantum physics},
  author={Lienert, Matthias and Tumulka, Roderich and others},
  journal={Journal of Integral Equations and Applications},
  volume={31},
  number={4},
  pages={535--569},
  year={2019},
  publisher={Rocky Mountain Mathematics Consortium}
}

@article{lienertcurved,
  title={Interacting relativistic quantum dynamics of two particles on spacetimes with a Big Bang singularity},
  author={Lienert, Matthias and Tumulka, Roderich},
  journal={Journal of Mathematical Physics},
  volume={60},
  number={4}, 
  year={2019},
  publisher={AIP Publishing LLC}
}

@article{selfDirac,
  title={Existence of relativistic dynamics for two directly interacting Dirac particles in 1+ 3 dimensions},
  author={Lienert, Matthias and N{\"o}th, Markus},
  journal={arXiv preprint arXiv:1903.06020},
  year={2019}
}


@article{selfKG,
    title={Singular light cone interactions of scalar particles in 1+3 dimensions},
    author={Matthias Lienert and Markus N{\"o}th},
    year={2020},
    eprint={2003.08677},
    archivePrefix={arXiv},
    primaryClass={math-ph}
}

@inproceedings{dirk_martin_2018,
  title={Distinguished self-adjoint extension of the two-body Dirac operator with Coulomb interaction},
  author={Deckert, Dirk-Andr{\'e} and Oelker, Martin},
  booktitle={Annales Henri Poincar{\'e}},
  volume={20},
  number={7},
  pages={2407--2445},
  year={2019},
  organization={Springer}
}

@article{thirring_model,
  title={A soluble relativistic field theory},
  author={Thirring, Walter E},
  journal={Annals of Physics},
  volume={3},
  number={1},
  pages={91--112},
  year={1958},
  publisher={Elsevier}
}
@book{glimm_jaffe,
  title={Quantum physics: a functional integral point of view},
  author={Glimm, James and Jaffe, Arthur},
  year={2012},
  publisher={Springer Science \& Business Media}
}

@article{jaffe_cft,
  title={Constructive quantum field theory},
  author={Jaffe, Arthur},
  journal={Mathematical physics},
  pages={111--127},
  year={2000}
}


@article{dirac_32,
  title={Relativistic quantum mechanics},
  author={Dirac, Paul Adrien Maurice},
  journal={Proceedings of the Royal Society of London. Series A, Containing Papers of a Mathematical and Physical Character},
  volume={136},
  number={829},
  pages={453--464},
  year={1932},
  publisher={The Royal Society London}
}

@article{tomonaga,
  title={On a relativistically invariant formulation of the quantum theory of wave fields.},
  author={Tomonaga, Sin-itiro},
  journal={Progress of Theoretical Physics},
  volume={1},
  number={2},
  pages={27--42},
  year={1946},
  publisher={THE PHYSICAL SOCIETY OF JAPAN}
}

@article{schwinger,
  title={Quantum electrodynamics. I. A covariant formulation},
  author={Schwinger, Julian},
  journal={Physical Review},
  volume={74},
  number={10},
  pages={1439},
  year={1948},
  publisher={APS}
}

@article{marx_1974,
  title={Many-times formalism and Coulomb interaction},
  author={Marx, Egon},
  journal={International Journal of Theoretical Physics},
  volume={9},
  number={3},
  pages={195--217},
  year={1974},
  publisher={Springer}
}

@book{schweber,
  title={An introduction to relativistic quantum field theory},
  author={Schweber, Silvan S},
  year={2011},
  publisher={Courier Corporation}
}

@article{drozvincent_1981,
  title={Relativistic wave equations for a system of two particles with spin 1/2},
  author={Droz-Vincent, Ph},
  journal={Lettere al Nuovo Cimento},
  volume={30},
  number={12},
  pages={375--378},
  year={1981}
}

@article{sazdjian_2bd,
  title={Relativistic wave equations for the dynamics of two interacting particles},
  author={Sazdjian, Hagop},
  journal={Physical Review D},
  volume={33},
  number={11},
  pages={3401},
  year={1986},
  publisher={APS}
}

@article{2bdem,
  title={A tale of three equations: Breit, eddington—gaunt, and two-body dirac},
  author={Van Alstine, Peter and Crater, Horace W},
  journal={Foundations of Physics},
  volume={27},
  number={1},
  pages={67--79},
  year={1997},
  publisher={Springer}
}

@article{nogo_potentials,
  title={Multi-time Schr{\"o}dinger equations cannot contain interaction potentials},
  author={Petrat, S{\"o}ren and Tumulka, Roderich},
  journal={Journal of Mathematical Physics},
  volume={55},
  number={3},
  pages={032302},
  year={2014},
  publisher={American Institute of Physics}
}

@article{qftmultitime,
  title={Multi-time wave functions for quantum field theory},
  author={Petrat, S{\"o}ren and Tumulka, Roderich},
  journal={Annals of Physics},
  volume={345},
  pages={17--54},
  year={2014},
  publisher={Elsevier}
}

@article{multitime_pair_creation,
  title={Multi-time formulation of pair creation},
  author={Petrat, S{\"o}ren and Tumulka, Roderich},
  journal={Journal of Physics A: Mathematical and Theoretical},
  volume={47},
  number={11},
  pages={112001},
  year={2014},
  publisher={IOP Publishing}
}

@article{1d_model,
  title={A relativistically interacting exactly solvable multi-time model for two massless Dirac particles in 1+ 1 dimensions},
  author={Lienert, Matthias},
  journal={Journal of Mathematical Physics},
  volume={56},
  number={4},
  pages={042301},
  year={2015},
  publisher={AIP Publishing LLC}
}

@article{nt_model,
  title={A simple explicitly solvable interacting relativistic N-particle model},
  author={Lienert, Matthias and Nickel, Lukas},
  journal={Journal of Physics A: Mathematical and Theoretical},
  volume={48},
  number={32},
  pages={325301},
  year={2015},
  publisher={IOP Publishing}
}

@article{2bd_current_cons,
  title={On the question of current conservation for the Two-Body Dirac equations of constraint theory},
  author={Lienert, Matthias},
  journal={Journal of Physics A: Mathematical and Theoretical},
  volume={48},
  number={32},
  pages={325302},
  year={2015},
  publisher={IOP Publishing}
}

@article{deckert_nickel_2016,
  title={Consistency of multi-time Dirac equations with general interaction potentials},
  author={Deckert, Dirk-Andr{\'e} and Nickel, Lukas},
  journal={Journal of Mathematical Physics},
  volume={57},
  number={7},
  pages={072301},
  year={2016},
  publisher={AIP Publishing LLC}
}

@article{lpt_2017b,
  title={Multi-time wave functions versus multiple timelike dimensions},
  author={Lienert, Matthias and Petrat, S{\"o}ren and Tumulka, Roderich},
  journal={Foundations of Physics},
  volume={47},
  number={12},
  pages={1582--1590},
  year={2017},
  publisher={Springer}
}

@article{generalized_born,
  title={Born’s rule for arbitrary Cauchy surfaces},
  author={Lienert, Matthias and Tumulka, Roderich},
  journal={Letters in Mathematical Physics},
  volume={110},
  number={4},
  pages={753--804},
  year={2020},
  publisher={Springer}
}

@article{ibc_model,
  title={Multi-time formulation of creation and annihilation of particles via interior-boundary conditions},
  author={Lienert, M and Nickel, L},
  journal={Preprint: \url{https://arxiv.org/abs/1808}},
  volume={4192},
  year={2018}
}

@thesis{phd_nickel,
author={L.~Nickel},
title={PhD thesis. On the Dynamics of Multi-Time Systems},
year={2019},
journal={Mathematical Institute, Ludwig-Maximilians-Universit\"at, Munich,
  Germany}
}

@inproceedings{dice_paper,
  title={Multi-time wave functions},
  author={Lienert, Matthias and Petrat, S{\"o}ren and Tumulka, Roderich},
  booktitle={Journal of Physics: Conference Series},
  volume={880},
  number={1},
  pages={012006},
  year={2017},
  organization={IOP Publishing}
}

@article{wf1,
  title={Interaction with the absorber as the mechanism of radiation},
  author={Wheeler, John Archibald and Feynman, Richard Phillips},
  journal={Reviews of modern physics},
  volume={17},
  number={2-3},
  pages={157},
  year={1945},
  publisher={APS}
}

@article{wf2,
  title={Classical electrodynamics in terms of direct interparticle action},
  author={Wheeler, John Archibald and Feynman, Richard Phillips},
  journal={Reviews of modern physics},
  volume={21},
  number={3},
  pages={425},
  year={1949},
  publisher={APS}
}

@article{bs_equation,
  title={A relativistic equation for bound-state problems},
  author={Salpeter, Edwin E and Bethe, Hans Albrecht},
  journal={Physical Review},
  volume={84},
  number={6},
  pages={1232},
  year={1951},
  publisher={APS}
}

@article{dubinskii_1991,
  title={Sobolev spaces of infinite order},
  author={Dubinskii, Yu A},
  journal={Russian Mathematical Surveys},
  volume={46},
  number={6},
  pages={107},
  year={1991},
  publisher={IOP Publishing}
}

@article{ibison,
  title={On the conformal forms of the Robertson-Walker metric},
  author={Ibison, Michael},
  journal={Journal of Mathematical Physics},
  volume={48},
  number={12},
  pages={122501},
  year={2007},
  publisher={American Institute of Physics}
}

@book{penrose_rindler,
  title={Spinors and space-time: Volume 1, Two-spinor calculus and relativistic fields},
  author={Penrose, Roger and Rindler, Wolfgang},
  volume={1},
  year={1984},
  publisher={Cambridge University Press}
}

@article{haantjes,
  title={Dirac symmetry operators from conformal Killing-Yano tensors},
  author={Benn, IM and Charlton, Philip},
  journal={arXiv preprint gr-qc/9612011},
  year={1996}
}

@article{john,
  title={The Hadamard Construction of Green's Functions on a Curved Space-Time with Symmetries},
  author={John, RW},
  journal={Annalen der Physik},
  volume={499},
  number={7},
  pages={531--544},
  year={1987},
  publisher={Wiley Online Library}
}
@article{guenther_1952,
  title={The relativistic configuration space formulation of the multi-electron problem},
  author={G{\"u}nther, Marian},
  journal={Physical Review},
  volume={88},
  number={6},
  pages={1411},
  year={1952},
  publisher={APS}
}


@article{obrien75,
  title={The Wick Rotation},
  author={O'Brien, DM},
  journal={Australian Journal of Physics},
  volume={28},
  number={1},
  pages={7--14},
  year={1975},
  publisher={CSIRO}
}

@article{tiktopoulos65,
  title={Note on positronium},
  author={Tiktopoulos, George},
  journal={Journal of Mathematical Physics},
  volume={6},
  number={4},
  pages={573--577},
  year={1965},
  publisher={American Institute of Physics}
}

@article{consenza65,
  title={Singular integral equations in the bound-state problem},
  author={Cosenza, G and Sertorio, L and Toller, M},
  journal={Il Nuovo Cimento (1955-1965)},
  volume={35},
  number={3},
  pages={913--932},
  year={1965},
  publisher={Springer}
}

@article{green57,
  title={Separability of a covariant wave equation},
  author={Green, HS},
  journal={Il Nuovo Cimento (1955-1965)},
  volume={5},
  number={4},
  pages={866--871},
  year={1957},
  publisher={Springer}
}

@article{cutkosky54,
  title={Solutions of a Bethe-Salpeter equation},
  author={Cutkosky, RE},
  journal={Physical Review},
  volume={96},
  number={4},
  pages={1135},
  year={1954},
  publisher={APS}
}

@article{wick_54,
  title={Properties of Bethe-Salpeter wave functions},
  author={Wick, Gian Carlo},
  journal={Physical Review},
  volume={96},
  number={4},
  pages={1124},
  year={1954},
  publisher={APS}
}

@article{nakanishi,
  title={A general survey of the theory of the Bethe-Salpeter equation},
  author={Nakanishi, Noboru},
  journal={Progress of Theoretical Physics Supplement},
  volume={43},
  pages={1--81},
  year={1969},
  publisher={Narnia}
}



@article{lnt_2020,
  title={Consistency Proof for Multi-Time Schrodinger Equations with Particle Creation and Ultraviolet Cut-Off},
  author={Lill, Sascha and Nickel, Lukas and Tumulka, Roderich},
  journal={arXiv preprint arXiv:2001.05920},
  year={2020}
}

@article{deckert_nickel_2019,
  title={Multi-time dynamics of the Dirac-Fock-Podolsky model of QED},
  author={Deckert, Dirk-Andr{\'e} and Nickel, Lukas},
  journal={Journal of Mathematical Physics},
  volume={60},
  number={7},
  pages={072301},
  year={2019},
  publisher={AIP Publishing LLC}
}


@article{bloch,
  title={Die physikalische Bedeutung mehrerer Zeiten in der Quantenelektrodynamik. Phys. Z. d. Sowjetunion, 5: 301--315, 1934},
  author={Bloch, F},
  publisher={German}
}

@article{dfp,
  title={Selected papers on quantum electrodynamics},
  chapter={On Quantum electrodynamics},
  author={Dirac, PAM and Fock, VA and Podolsky, B},
  journal={Ed.: Schwinger J., Dover Publi. Inc. NY},
  pages={29--40},
  year={1958}
}


@article{eddington,
  title={The charge of an electron},
  author={Eddington, Arthur Stanley},
  journal={Proceedings of the Royal Society of London. Series A, Containing Papers of a Mathematical and Physical Character},
  volume={122},
  number={789},
  pages={358--369},
  year={1929},
  publisher={The Royal Society London}
}

@article{nointeraction2,
  title={A no-interaction theorem in classical relativistic Hamiltonian particle mechanics},
  author={Leutwyler, H},
  journal={Il Nuovo Cimento (1955-1965)},
  volume={37},
  number={2},
  pages={556--567},
  year={1965},
  publisher={Springer}
}

@article{nointeraction,
  title={Relativistic invariance and Hamiltonian theories of interacting particles},
  author={Currie, DG and Jordan, TF and Sudarshan, ECG},
  journal={Reviews of Modern Physics},
  volume={35},
  number={2},
  pages={350},
  year={1963},
  publisher={APS}
}
