%% This BibTeX bibliography file was created using BibDesk.
%% http://bibdesk.sourceforge.net/

%% Created for Felix HÃ¤nle at 2016-09-19 15:11:38 +0200 


%% Saved with string encoding Unicode (UTF-8) 


@book{graham1994concrete,
  title={Concrete mathematics: a foundation for computer science},
  author={Graham, Ronald L and Knuth, Donald E and Patashnik, Oren},
  year={1994},
  publisher={Addison-Wesley, Reading}
}
@book{abramowitz1964handbook,
  title={Handbook of mathematical functions: with formulas, graphs, and mathematical tables},
  author={Abramowitz, Milton and Stegun, Irene A},
  volume={55},
  year={1964},
  publisher={Courier Corporation}
}

@incollection{stanley2011enumerative,
  title={What Is Enumerative Combinatorics?},
  author={Stanley, Richard P},
  booktitle={Enumerative combinatorics},
  year={2011},
  publisher={Springer}
}
